@article{Adl87,
  title={Joins and higher secant varieties},
  author={Ådlandsvik, Bjørn},
  journal={Mathematica Scandinavica},
  volume={61},
  pages={213--222},
  year={1987},
  publisher={JSTOR}
}

@book{BBCMM19,
    author = {Edoardo Ballico and Alessandra Bernardi and Iacopo Carusotto and Sonia Mazzucchi and Valter Moretti},
    publisher = {Springer},
    title = {{Quantum physics and geometry}},
    year = {2019}
}

@article{BBG19,
    author = {Edoardo Ballico and Alessandra Bernardi and Fulvio Gesmundo},
    doi = {10.1016/j.jalgebra.2019.01.027},
    journal = {J. Algebra},
    number = {526},
    pages = {6–11},
    title = {{A note on the cactus rank for Segre-Veronese varieties}},
    year = {2019}
}

@article{BBCM13,
	author = {Alessandra Bernardi and Jerome Brachat and Pierre Comon and Bernard Mourrain},
	journal = {J. Symb. Comput.},
	pages = {51–71},
	publisher = {Elsevier},
	title = {{General tensor decomposition, moment matrices and applications}},
	volume = {52},
	year = {2013}
}


@article{BCCGO18,
    author = {Alessandra Bernardi and Enrico Carlini and Maria V. Catalisano and Alessandro Gimigliano and Alessandro Oneto},
    bdsk-url-1 = {https://doi.org/10.3390/math6120314},
    doi = {10.3390/math6120314},
    journal = {Mathematics},
    number = {12},
    pages = {314},
    publisher = {Multidisciplinary Digital Publishing Institute},
    title = {{The Hitchhiker Guide to: Secant Varieties and Tensor Decomposition}},
    volume = {6},
    year = {2018}
}

@article{BO08,
  title={On the Alexander--Hirschowitz theorem},
  author={Brambilla, Maria Chiara and Ottaviani, Giorgio},
  journal={Journal of Pure and Applied Algebra},
  volume={212},
  number={5},
  pages={1229--1251},
  year={2008},
  publisher={Elsevier}
}

@article{BR13,
    author = {Alessandra Bernardi and Kristian Ranestad},
    doi = {10.1016/j.jsc.2012.08.001},
    journal = {J. Symb. Comput.},
    pages = {291–297},
    title = {{On the cactus rank of cubic forms}},
    volume = 50,
    year = 2013
}

@article{BT20,
	author = {Alessandra Bernardi and Daniele Taufer},
	doi = {10.1016/j.matpur.2020.07.003},
	journal = {J. Math. Pures Appl.},
	pages = {1–30},
	publisher = {Elsevier},
	title = {{Waring, tangential and cactus decompositions}},
	volume = {143},
	year = {2020}
}


@article{BI18,
	author = {Markus Bläser and Christian Ikenmeyer},
	note = {Lecture notes available at \url{https://www.dcs.warwick.ac.uk/~u2270030/teaching_sb/summer17/introtogct/gct.pdf}},
	title = {{Introduction to geometric complexity theory}},
	year = {2018}
}


@article{Bri98,
    author = {Alexander von Brill},
    journal = {Mathematische Annalen},
    number = {2},
    pages = {157–182},
    publisher = {Springer},
    doi = {10.1007/BF01448060},
    title = {{Über die Zerfällung einer Ternärform in Linearfactoren}},
    volume = {50},
    year = {1898}
}

@article{BT15,
  title={On maximum, typical and generic ranks},
  author={Grigoriy Blekherman and Zach Teitler},
  journal={Mathematische Annalen},
  volume={362},
  pages={1021--1031},
  year={2015},
  publisher={Springer}
}

@article{BCMT10,
	author = {Jerome Brachat and Pierre Comon and Bernard Mourrain and Elias Tsigaridas},
	doi = {10.1016/j.laa.2010.06.046},
	issn = {0024-3795},
	journal = {Lin. Alg. Appl.},
	number = {11-12},
	pages = {1851--1872},
	title = {{Symmetric tensor decomposition}},
	volume = {433},
	year = {2010}
}


@article{BL14,
    author = {Jaros{\l}aw Buczyński and Joseph M. Landsberg},
    doi = {10.1007/s10801-013-0495-0},
    journal = {J. Algebraic Combin.},
    number = {2},
    pages = {475–502},
    publisher = {Springer},
    title = {{On the third secant variety}},
    volume = {40},
    year = {2014}
}



@book{BCS97,
    address = {Berlin},
    author = {Peter B{\"u}rgisser and Michael Clausen and Mohammad A. Shokrollahi},
    isbn = {3-540-60582-7},
    pages = {xxiv+618},
    publisher = {Springer-Verlag},
    series = {{Grundlehren der Mathematischen Wissenschaften}},
    title = {{Algebraic complexity theory}},
    volume = {315},
    year = {1997}
}

@incollection{CGO14,
    author = {Enrico Carlini and Nathan Grieve and Luke Oeding},
    bdsk-url-1 = {https://doi.org/10.1007/978-1-4939-0626-0\_2},
    booktitle = {{Connections between algebra, combinatorics, and geometry}},
    doi = {10.1007/978-1-4939-0626-0_2},
    pages = {101--146},
    publisher = {Springer},
    title = {{Four lectures on secant varieties}},
    year = {2014}
}

@article{Cay45,
	author = {Arthur Cayley},
	journal = {Cambridge Math. J.},
	pages = {193–209},
	title = {{On the theory of linear transformations}},
	volume = {iv},
	year = {1845}
}


@inbook{CD12,
    author = {Oleg Chterental and Dragomir Z. Djokovic},
    booktitle = {{Linear Algebra Research Advances}},
    editor = {G. D. Ling},
    isbn = {1-60021-818-0},
    pages = {133--167},
    title = {{Normal Forms and Tensor Ranks of Pure States of Four Qubits}},
    year = {2012}
}

@article{CK11,
	author = {Enrico Carlini and Johannes Kleppe},
	journal = {J. Pure Appl. Algebra},
	number = {8},
	pages = {1999–2004},
	doi = {10.1016/j.jpaa.2010.11.010},
	publisher = {Elsevier},
	title = {{Ranks derived from multilinear maps}},
	volume = {215},
	year = {2011}
}


@book{CLO07,
    author = {David Cox and John Little and Donal O'Shea},
    publisher = {Springer-Verlag New York, Inc.},
    series = {{{Undergraduate Texts in Mathematics}}},
    title = {{Ideals, {V}arieties, and {A}lgorithms: An {I}ntroduction to {C}omputational {A}lgebraic {G}eometry and {C}ommutative {A}lgebra}},
    year = {2007}
}

@article{CGZ23,
    author = {Matthias Christandl and Fulvio Gesmundo and Jeroen Zuiddam},
    doi = {10.1137/22M1543276},
    journal = {SIAM J. Appl. Alg. Geom.},
    number = {4},
    pages = {742--767},
    title = {{A Gap in the Subrank of Tensors}},
    volume = {7},
    year = {2023}
}

@article{Der16,
	author = {H. Derksen},
	journal = {Found. Comp. Math.},
	number = {3},
    doi = {10.1007/s10208-015-9264-x},
	pages = {779–811},
	publisher = {Springer},
	title = {{On the nuclear norm and the singular value decomposition of tensors}},
	volume = {16},
	year = {2016}
}



@inproceedings{EGOW18,
    author = {Klim Efremenko and Ankit Garg and Rafael Oliveira and Avi Wigderson},
    booktitle = {{9th Innov. Th. Comp. Sc. Conf. - ITCS 2018}},
    organization = {Schloss Dagstuhl-Leibniz-Zentrum fuer Informatik},
    title = {{Barriers for rank methods in arithmetic complexity}},
    year = {2018},
    doi = {10.4230/LIPIcs.ITCS.2018.1}
}

@book{Eis95,
	address = {New York},
	author = {David Eisenbud},
	publisher = {Springer-Verlag},
	series = {{Graduate Texts in Mathematics}},
	title = {{Commutative {A}lgebra: with a view toward algebraic geometry}},
	volume = {150},
	year = {1995}
}



@article{EH88,
    author = {David Eisenbud and Joe Harris},
    issn = {0001-8708},
    journal = {Adv. Math.},
    number = {2},
    doi = {10.1016/0001-8708(88)90054-0},
    pages = {135–155},
    title = {{Vector spaces of matrices of low rank}},
    volume = {70},
    year = {1988}
}



@book{FH91,
    address = {New York},
    author = {William Fulton and Joe Harris},
    publisher = {Springer-Verlag},
    series = {{Graduate Texts in Mathematics}},
    title = {{Representation theory: a first course}},
    volume = {129},
    year = {1991}
}

@article{FR81,
  title={Varieties with small secant varieties: the extremal case},
  author={Takao Fujita and Joel Roberts},
  journal={American Journal of Mathematics},
  volume={103},
  number={5},
  pages={953--976},
  year={1981},
  publisher={JSTOR}
}

@article{Gab72,
	author = {Peter Gabriel},
	doi = {10.1007/BF01298413},
	journal = {Manuscripta Math.},
	number = {1},
	pages = {71–103},
	publisher = {Springer},
	title = {{Unzerlegbare {D}arstellungen. {I}}},
	volume = {6},
	year = {1972}
}


@article{Gal17,
    author = {Maciej Ga{\l}{\k{a}}zka},
    journal = {Lin. Alg. Appl.},
    pages = {254–262},
    publisher = {Elsevier},
    title = {{Vector bundles give equations of cactus varieties}},
    volume = {521},
    year = {2017}
}

@book{Gan59,
    address = {New York},
    author = {Felix R. Gantmacher},
    publisher = {Chelsea Publishing Co.},
    title = {{The theory of matrices. {V}ols. 1, 2}},
    year = {1959}
}

@inproceedings{Ger96,
    author = {Anthony V. Geramita},
    booktitle = {{The curves seminar at Queen's}},
    pages = {2--114},
    title = {{Inverse systems of fat points: Waring's problem, secant varieties of Veronese varieties and parameter spaces for Gorenstein ideals}},
    volume = {10},
    year = {1996}
}

@book{GW09,
    address = {Dordrecht},
    author = {Roe Goodman and Nolan R. Wallach},
    pages = {xx+716},
    publisher = {Springer},
    series = {{Graduate Texts in Mathematics}},
    title = {{Symmetry, representations, and invariants}},
    volume = {255},
    year = {2009}
}


@article{Gor94,
    author = {Paul Gordan},
    doi = {10.1007/BF01446687},
    journal = {Mathematische Annalen},
    number = {3},
    pages = {410–427},
    publisher = {Springer},
    title = {{Das Zerfallen der Curven in gerade Linien}},
    volume = {45},
    year = {1894}
}

@phdthesis{Gua16,
    author = {Yonghui Guan},
    school = {Texas A\&M},
    notes = {available at \url{https://hdl.handle.net/1969.1/157875}},
    title = {{Equations for Chow Varieties, Their Secant Varieties and Other Varieties Arising in Complexity Theory}},
    year = {2016}
}

@article{Gua18,
    author = {Yonghui Guan},
    doi = {10.1016/j.laa.2018.02.026},
    journal = {Lin. Alg. Appl.},
    pages = {273–292},
    publisher = {Elsevier},
    title = {{Brill's equations as a {G}{L}({V})-module}},
    volume = {548},
    year = {2018}
}

@book{Hac12,
    author = {Wolfgang Hackbusch},
    publisher = {Springer},
    title = {{Tensor spaces and numerical tensor calculus}},
    volume = {42},
    year = {2012}
}

@article{Had97,
    author = {Jacques Hadamard},
    journal = {Acta mathematica},
    pages = {201–238},
    publisher = {Springer},
    doi = {10.1007/BF02418033},
    title = {{Mémoire sur l'élimination}},
    volume = {20},
    year = {1897}
}


@book{Har92,
    address = {New York},
    author = {Joe Harris},
    isbn = {0-387-97716-3},
    publisher = {Springer-Verlag},
    series = {{Graduate Texts in Mathematics}},
    title = {{Algebraic geometry. A first course}},
    volume = {133},
    year = {1992}
}

@article{Her56,
    author = {Charles Hermite},
    doi = {10.1515/crll.1856.52.1},
    journal = {J. Reine Angew. Math.},
    number = {52},
    pages = {1–17},
    title = {{Sur la théorie des fonctions homogènes à deux indéterminées. Premier mémoire.}},
    volume = {1856},
    year = {1856}
}


@article{Hit27,
    author = {Frank L. Hitchcock},
    journal = {Journal of Mathematics and Physics},
    number = {1-4},
    pages = {164--189},
    publisher = {Wiley Online Library},
    title = {{The expression of a tensor or a polyadic as a sum of products}},
    volume = {6},
    year = {1927}
}

@article{IE78,
	author = {Antony Iarrobino and J. Emsalem},
	issn = {0010-437X},
	journal = {Compositio Math.},
	number = {2},
	pages = {145–188},
	title = {{Some zero-dimensional generic singularities; finite algebras having small tangent space}},
	volume = {36},
	year = {1978}
}



@book{IK99,
    address = {Berlin},
    author = {Antony Iarrobino and Vassil Kanev},
    publisher = {Springer-Verlag},
    series = {{Lecture Notes in Mathematics}},
    title = {{Power sums, {G}orenstein algebras, and determinantal loci}},
    volume = {1721},
    year = {1999}
}

@article{Jel17,
	author = {Joachim Jelisiejew},
	journal = {Collectanea Mathematica},
	pages = {101–127},
	publisher = {Springer},
	doi = {10.1007/s13348-016-0183-1},
	title = {{Classifying local artinian gorenstein algebras}},
	volume = {68},
	year = {2017}
}


@book{Kra84,
    address = {Braunschweig},
    author = {Hanspeter Kraft},
    isbn = {3-528-08525-8},
    publisher = {Friedr. Vieweg \& Sohn},
    series = {{Aspects of Mathematics, D1}},
    title = {{Geometrische {M}ethoden in der {I}nvariantentheorie}},
    year = {1984}
}

@article{KT99,
    author = {Allen Knutson and Terence Tao},
    journal = {J. American Mathematical Society},
    number = {4},
    pages = {1055–1090},
    doi = {10.1090/S0894-0347-99-00299-4},
    title = {{The honeycomb model of $\mathrm{GL}_n(\mathbb{C})$ tensor products I: Proof of the saturation conjecture}},
    volume = {12},
    year = {1999}
}

@article{LMR23,
	author = {Antonio Laface and Alessandro Massarenti and R. Rischter},
	doi = {10.1137/21M1453712},
	journal = {SIAM J. Appl. Alg. Geom.},
	number = {1},
	pages = {264–290},
	publisher = {SIAM},
	title = {{Decomposition algorithms for tensors and polynomials}},
	volume = {7},
	year = {2023}
}



@book{Lan12,
    address = {Providence, RI},
    author = {Joseph M. Landsberg},
    isbn = {978-0-8218-6907-9},
    pages = {xx+439},
    publisher = {American Mathematical Society},
    series = {{Graduate Studies in Mathematics}},
    title = {{Tensors: {G}eometry and {A}pplications}},
    volume = {128},
    year = {2012}
}

@book{Lan17,
	author = {Joseph M. Landsberg},
	publisher = {Cambridge University Press, Cambridge},
	series = {{Cambridge Studies in Advanced Mathematics}},
	title = {{Geometry and complexity theory}},
	volume = {169},
	year = {2017}
}



@article{LM04,
    author = {Joseph M. Landsberg and Laurent Manivel},
    doi = {10.1007/s10208-003-0115-9},
    issn = {1615-3375},
    journal = {Found. Comp. Math.},
    number = {4},
    pages = {397–422},
    title = {{On the ideals of secant varieties of {S}egre varieties}},
    volume = {4},
    year = {2004}
}


@article{LO13,
    author = {Joseph M. Landsberg and Giorgio Ottaviani},
    doi = {10.1007/s10231-011-0238-6},
    issn = {0373-3114},
    journal = {Ann. Mat. Pura Appl.},
    number = {4},
    pages = {569–606},
    title = {{Equations for secant varieties of {V}eronese and other varieties}},
    volume = {192},
    year = {2013}
}

@article{MNS12,
    author = {Keatan D. Mulmuley and Hariharan Narayanan and Milind Sohoni},
    doi = {10.1007/s10801-011-0325-1},
    issn = {0925-9899},
    journal = {J. Algebraic Combin.},
    number = {1},
    pages = {103–110},
    title = {{Geometric complexity theory {III}: on deciding nonvanishing of a {L}ittlewood-{R}ichardson coefficient}},
    volume = {36},
    year = {2012}
}

@article{MN05,
    author = {Jurgen Müller and Max Neunhöffer},
    doi = {10.1080/10586458.2005.10128928},
    issn = {1058-6458},
    journal = {Experimental Mathematics},
    number = {3},
    pages = {277–283},
    title = {{Some computations regarding {F}oulkes' conjecture}},
    volume = {14},
    year = {2005}
}



@book{Mum76,
    address = {Berlin},
    author = {David Mumford},
    note = {Reprint of the 1976 edition in Grundlehren der mathematischen Wissenschaften, vol. 221},
    publisher = {Springer-Verlag},
    series = {{Classics in Mathematics}},
    title = {{Algebraic geometry. {I}: Complex projective varieties}},
    year = {1995}
}

@article{Nar06,
    author = {Hariharan Narayanan},
    doi = {10.1007/s10801-006-0008-5},
    journal = {J. Algebraic Combinatorics},
    pages = {347--354},
    publisher = {Springer},
    title = {{On the complexity of computing Kostka numbers and Littlewood-Richardson coefficients}},
    volume = {24},
    year = {2006}
}



@article{Nur00,
    author = {Anvar G. Nurmiev},
    bdsk-url-1 = {https://doi.org/10.1070/SM2000v191n05ABEH000478},
    doi = {10.1070/SM2000v191n05ABEH000478},
    journal = {Sbornik: Mathematics},
    number = {5},
    pages = {717},
    publisher = {IOP Publishing},
    title = {{Orbits and invariants of cubic matrices of order three}},
    volume = {191},
    year = {2000}
}

@article{Pal09,
    author = {Francesco Palatini},
    title = {{Sulle variet\`a algebriche per le quali sono di dimensione minore dell'ordinario senza riempire lo spazio ambiente una o alcune delle variet\`a formate da spazi seganti}},
    year = {1909},
    journal={Atti Accad. Torino Cl. Scienze Mat. Fis. Nat.},
    volume = {44},
    pages={362--375}

}



@book{Rus16,
    author = {Francesco Russo},
    publisher = {Springer},
    series = {{Lecture Notes of the Un. Mat. Ital.}},
    title = {{On the geometry of some special projective varieties}},
    volume = {18},
    year = {2016}
}

@article{Sco08,
    author = {Gaetano Scorza},
    journal = {Rendiconti del Circolo Matematico di Palermo (1884-1940)},
    pages = {193--204},
    publisher = {Springer},
    title = {Determinazione delle variet{\`a} tre dimensioni di $S_r$ ($r\geq{}7$) I cui $S_2$ tangenti si tangliano a due a due},
    volume = {25},
    year = {1908}
}
@book{Sha94,
    address = {Berlin},
    author = {Igor R. Shafarevich},
    edition = {Second},
    isbn = {3-540-54812-2},
    publisher = {Springer-Verlag},
    title = {{Basic algebraic geometry. 1 - Varieties in projective space}},
    year = {1994}
}

@misc{Stacks,
    author = {The {Stacks Project Authors}},
    howpublished = {\url{https://stacks.math.columbia.edu}},
    title = {{The Stacks Project}}
}

@article{Str69,
	author = {Volker Strassen},
	doi = {10.1007/BF02165411},
	journal = {Numerische mathematik},
	number = {4},
	pages = {354–356},
	publisher = {Springer},
	title = {{Gaussian elimination is not optimal}},
	volume = {13},
	year = {1969}
}



@article{Str83,
    author = {Volker Strassen},
    doi = {10.1016/0024-3795(83)80041-X},
    issn = {0024-3795},
    journal = {Lin. Alg. Appl.},
    pages = {645–685},
    title = {{Rank and optimal computation of generic tensors}},
    volume = {52/53},
    year = {1983}
}


@book{Stu93,
    address = {Vienna},
    author = {Bernd Sturmfels},
    isbn = {3-211-82445-6},
    pages = {vi+197},
    publisher = {Springer-Verlag},
    series = {{Texts and Monographs in Symbolic Computation}},
    title = {{Algorithms in invariant theory}},
    year = {1993}
}


@article{Syl51,
    author = {James J. Sylvester},
    journal = {The London, Edinburgh, and Dublin Philosophical Magazine and Journal of Science},
    number = {4},
    pages = {295--305},
    publisher = {Taylor \& Francis},
    title = {{XXXVII. On the relation between the minor determinants of linearly equivalent quadratic functions}},
    volume = {1},
    year = {1851}
}

@article{Syl52,
	author = {James J. Sylvester},
	journal = {Cambridge and Dublin Math. J.},
	pages = {52–97},
	title = {{On the principles of the calculus of forms}},
	volume = {7},
	year = {1852}
}

@article{Syl53,
	author = {James J. Sylvester},
	issn = {02610523},
	journal = {Philosophical Trans. Royal Society of London},
	pages = {407–548},
	publisher = {The Royal Society},
	title = {{On a Theory of the Syzygetic Relations of Two Rational Integral Functions, Comprising an Application to the Theory of Sturm's Functions, and That of the Greatest Algebraical Common Measure}},
	volume = {143},
	year = {1853}
}


@article{Ter11,
    author = {Alessandro Terracini},
    journal = {Rendiconti del Circolo Matematico di Palermo (1884-1940)},
    pages = {392--396},
    publisher = {Springer Milan},
    title = {{Sulle $V_k$ per cui la variet{\`a} degli $s_h$ $(h+1)$ seganti ha dimensione minore dell'ordinario}},
    volume = {31},
    year = {1911}
}

@article{Tod92,
	author = {Seinosuke Toda},
	journal = {IEICE Trans. Inf. Syst.},
	number = {1},
	pages = {116–124},
	publisher = {The Institute of Electronics, Information and Communication Engineers},
	title = {{Classes of arithmetic circuits capturing the complexity of computing the determinant}},
	volume = {75},
	year = {1992}
}



@article{Vak24,
    author = {Ravi Vakil},
    note = {February 2024 version},
    title = {{The Rising Sea: Foundations of Algebraic Geometry}},
    year = {2024}
}

@inproceedings{Val79,
	address = {New York},
	author = {Leslie G. Valiant},
	booktitle = {{Proceedings of the 11th ACM Symp. on Th. of Comp.}},
	doi = {10.1145/800135.804419},
	pages = {249–261},
	publisher = {ACM},
	series = {{STOC '79}},
	title = {{Completeness classes in algebra}},
	year = {1979}
}

@article{Vin79,
    author = {Ernest B. Vinberg},
    issn = {0204-3165},
    journal = {Trudy Sem. Vektor. Tenzor. Anal.},
    number = {19},
    pages = {155--177},
    title = {{Classification of homogeneous nilpotent elements of a semisimple graded {L}ie algebra}},
    year = {1979}
}

@book{Zak93,
    author = {Fedor L. Zak},
    publisher = {American Mathematical Soc.},
    title = {{Tangents and secants of algebraic varieties}},
    volume = {127},
    year = {1993}
}


